@manual{xochicale2019-github,
title = {Github repository for PhD thesis},
author = {Miguel Xochicale},
day = {30},
month = {August},
year = {2019},
note   = "\url{https://github.com/mxochicale-phd/thesis/}"
}



@article{heise2020,
author = {Christian Heise and Joshua M. Pearce},
title ={From Open Access to Open Science: The Path From Scientific Reality to Open Scientific Communication},
journal = {SAGE Open},
volume = {10},
number = {2},
pages = {2158244020915900},
year = {2020},
doi = {10.1177/2158244020915900},
}

URL = { 
        https://doi.org/10.1177/2158244020915900
    
},
eprint = { 
        https://doi.org/10.1177/2158244020915900    
},


@article {peng2011,
	author = {Peng, Roger D.},
	title = {Reproducible Research in Computational Science},
	volume = {334},
	number = {6060},
	pages = {1226--1227},
	year = {2011},
	doi = {10.1126/science.1213847},
	publisher = {American Association for the Advancement of Science},
	issn = {0036-8075},
	journal = {Science}
}

	URL = {https://science.sciencemag.org/content/334/6060/1226},
	eprint = {https://science.sciencemag.org/content/334/6060/1226.full.pdf},


@article{schaduangrat2020,
author={Schaduangrat, Nalini
and Lampa, Samuel
and Simeon, Saw
and Gleeson, Matthew Paul
and Spjuth, Ola
and Nantasenamat, Chanin},
title={Towards reproducible computational drug discovery},
journal={Journal of Cheminformatics},
year={2020},
month={Jan},
day={28},
volume={12},
number={1},
pages={9},
issn={1758-2946},
doi={10.1186/s13321-020-0408-x},
url={https://doi.org/10.1186/s13321-020-0408-x}
}


@article{pauliuk2020,
author={Pauliuk, Stefan},
title={Making sustainability science a cumulative effort},
journal={Nature Sustainability},
year={2020},
month={Jan},
day={01},
volume={3},
number={1},
pages={2-4},
issn={2398-9629},
doi={10.1038/s41893-019-0443-7},
url={https://doi.org/10.1038/s41893-019-0443-7}
}

@article{spoelstra2013,
title = "Sustainability research: Organizational challenge for intermediary research institutes",
journal = "NJAS - Wageningen Journal of Life Sciences",
volume = "66",
pages = "75 - 81",
year = "2013",
issn = "1573-5214",
doi = "https://doi.org/10.1016/j.njas.2013.06.002",
author = "Sierk F. Spoelstra",
}


keywords = "Sustainablity research, Institutional change, Intermediary research institutes",
url = "http://www.sciencedirect.com/science/article/pii/S1573521413000195",

