@Article{Schaduangrat2020,
author={Schaduangrat, Nalini
and Lampa, Samuel
and Simeon, Saw
and Gleeson, Matthew Paul
and Spjuth, Ola
and Nantasenamat, Chanin},
title={Towards reproducible computational drug discovery},
journal={Journal of Cheminformatics},
year={2020},
month={Jan},
day={28},
volume={12},
number={1},
pages={9},
issn={1758-2946},
doi={10.1186/s13321-020-0408-x},
url={https://doi.org/10.1186/s13321-020-0408-x}
}


