@article{Pauliuk2020,
author={Pauliuk, Stefan},
title={Making sustainability science a cumulative effort},
journal={Nature Sustainability},
year={2020},
month={Jan},
day={01},
volume={3},
number={1},
pages={2-4},
abstract={In light of pressing societal and environmental problems, sustainability science must advance faster than before. In order to contribute to a cumulative body of knowledge, such research needs shared infrastructure, database development and changes in research culture.},
issn={2398-9629},
doi={10.1038/s41893-019-0443-7},
url={https://doi.org/10.1038/s41893-019-0443-7}
}


